@misc{latimes,
	Author = {LA Times},
	Year = {January 20, 2010},
	Title = {Young people spend 7 hours, 38 minutes a day on TV, video games, computer},
	Note = {http://articles.latimes.com/2010/jan/20/business/la-fi-youth-media21-2010jan21},
}
@misc{ingress:submissions,
	AUTHOR = {Google - Ingress Project},
	YEAR = {2013},
	TITLE = {Using Ingress Scanner Technology},
	PUBLISHER = {Google},
	NOTE = {https://support.google.com/ingress/},
}
@misc{ingress:maps,
	AUTHOR = {Google - Ingress Project},
	YEAR = {2013},
	TITLE = {Maps},
	PUBLISHER = {Ingress Portal},
	NOTE = {http://ingressportal.com/maps/},
}
@misc{megabits,
	AUTHOR = {Megabit App},
	YEAR = {2014},
	TITLE = {BECOME A MEGABITS LEGEND},
	PUBLISHER = {Megabit Apps},
	NOTE = {http://www.megabitsapp.com/},
}
@misc{GPS,
	AUTHOR = {Pocket GPS World},
	YEAR = {June 26, 2011},
	TITLE = {How does the Global Positioning System work?},
	NOTE = {http://www.pocketgpsworld.com/howgpsworks.php},
}
@misc{GyroMeter,
	AUTHOR = {Sparkfun},
	YEAR = {2012},
	TITLE = {What is a Gyroscope},
	NOTE = {https://learn.sparkfun.com/tutorials/gyroscope/what-is-a-gyroscope},
}
@misc{LaserTag,
	AUTHOR = {Electronic Design Group},
	YEAR = {August 23, 2013},
	TITLE = {AppTag Laser Tag Gun},
	NOTE = {http://www.edgonline.com/2013/08/23/apptag-laser-tag-gun/},
}
@misc{GooglemapMarkers,
	AUTHOR = {Developers, Google},
	YEAR = {januar 21, 2014},
	TITLE = {Google Maps Android API v2, Markers},
	NOTE = {https://developers.google.com/maps/documentation/android/marker?hl=da},
}
@misc{XMLvsJSON,
	AUTHOR = {Majid Khosravi},
	YEAR = {August 7, 2012},
	TITLE = {XML vs JSON parsing in Android},
	NOTE = {http://www.majidkhosravi.com/xml-vs-json-android/},
}
@misc{Clientsideprediction,
	AUTHOR = {wikipedia},
	YEAR = {February 21 2012},
	TITLE = {Client-side prediction},
	NOTE = {http://en.wikipedia.org/wiki/Client-side\_prediction},
}